,date,symbol,reportedCurrency,cik,fillingDate,acceptedDate,calendarYear,period,revenue,costOfRevenue,grossProfit,grossProfitRatio,researchAndDevelopmentExpenses,generalAndAdministrativeExpenses,sellingAndMarketingExpenses,sellingGeneralAndAdministrativeExpenses,otherExpenses,operatingExpenses,costAndExpenses,interestIncome,interestExpense,depreciationAndAmortization,ebitda,ebitdaratio,operatingIncome,operatingIncomeRatio,totalOtherIncomeExpensesNet,incomeBeforeTax,incomeBeforeTaxRatio,incomeTaxExpense,netIncome,netIncomeRatio,eps,epsdiluted,weightedAverageShsOut,weightedAverageShsOutDil,link,finalLink
0,2023-09-30,BTU,USD,0001064728,2023-11-03,2023-11-03 06:15:04,2023,Q3,1078900000,803700000,275200000,0.255074613,0,0,0,21500000,10000000,122500000,926200000,20300000,13800000,112100000,270900000,0.2510890722,158800000,0.1471869497,16100000,175300000,0.162480304,46500000,119900000,0.1111317082,0.9,0.82,132800000,149900000,https://www.sec.gov/Archives/edgar/data/1064728/000106472823000146/0001064728-23-000146-index.htm,https://www.sec.gov/Archives/edgar/data/1064728/000106472823000146/btu-20230930.htm
1,2023-06-30,BTU,USD,0001064728,2023-08-03,2023-08-03 16:32:53,2023,Q2,1268800000,862000000,406800000,0.3206179067,0,0,0,21700000,9700000,151500000,1013500000,23100000,13300000,110200000,371000000,0.2924022699,260800000,0.2055485498,13200000,278300000,0.2193411097,74200000,179200000,0.1412358134,1.24,1.15,144700000,159000000,https://www.sec.gov/Archives/edgar/data/1064728/000106472823000104/0001064728-23-000104-index.htm,https://www.sec.gov/Archives/edgar/data/1064728/000106472823000104/btu-20230630.htm
2,2023-03-31,BTU,USD,0001064728,2023-05-04,2023-05-04 06:33:11,2023,Q1,1364000000,846600000,517400000,0.3793255132,0,0,0,22800000,91700000,114500000,961100000,13100000,18400000,99300000,503800000,0.3693548387,404500000,0.2965542522,-2400000,402100000,0.2947947214,118000000,268500000,0.1968475073,1.96,405.86,144600000,700000,https://www.sec.gov/Archives/edgar/data/1064728/000106472823000044/0001064728-23-000044-index.htm,https://www.sec.gov/Archives/edgar/data/1064728/000106472823000044/btu-20230331.htm
3,2022-12-31,BTU,USD,0001064728,2023-02-24,2023-02-24 06:35:19,2022,Q4,1626100000,927800000,698300000,0.4294323842,0,0,0,24300000,98800000,123100000,1050900000,12100000,29500000,145500000,727900000,0.4476354468,582400000,0.3581575549,-700000,581700000,0.3577270771,-59800000,632000000,0.388659984,4.39,3.92,143900000,161900000,https://www.sec.gov/Archives/edgar/data/1064728/000106472823000013/0001064728-23-000013-index.htm,https://www.sec.gov/Archives/edgar/data/1064728/000106472823000013/btu-20221231.htm
4,2022-09-30,BTU,USD,0001064728,2022-11-03,2022-11-03 16:38:23,2022,Q3,1342500000,838400000,504100000,0.3754934823,0,0,0,19600000,93800000,113400000,951800000,4900000,33800000,83300000,503800000,0.3752700186,420500000,0.3132216015,-25400000,395100000,0.294301676,10700000,375100000,0.2794040968,2.6,2.33,144100000,161900000,https://www.sec.gov/Archives/edgar/data/1064728/000106472822000067/0001064728-22-000067-index.htm,https://www.sec.gov/Archives/edgar/data/1064728/000106472822000067/btu-20220930.htm
5,2022-06-30,BTU,USD,0001064728,2022-08-04,2022-08-04 16:25:00,2022,Q2,1321900000,825600000,496300000,0.375444436,0,0,0,21800000,86500000,108300000,933900000,900000,37600000,74400000,523700000,0.3961721764,449300000,0.3398895529,-26700000,422600000,0.3196913534,11300000,409500000,0.3097813753,2.84,2.53,144000000,161900000,https://www.sec.gov/Archives/edgar/data/1064728/000106472822000059/0001064728-22-000059-index.htm,https://www.sec.gov/Archives/edgar/data/1064728/000106472822000059/btu-20220630.htm
6,2022-03-31,BTU,USD,0001064728,2022-05-05,2022-05-05 06:38:49,2022,Q1,691400000,699000000,-7600000,-0.0109921898,0,0,0,23100000,87900000,111000000,810000000,500000,39400000,72900000,11700000,0.0169221869,-61200000,-0.0885160544,-59600000,-120800000,-0.1747179636,-1000000,-119800000,-0.1732716228,-0.88,-0.88,136200000,136200000,https://www.sec.gov/Archives/edgar/data/1064728/000106472822000042/0001064728-22-000042-index.htm,https://www.sec.gov/Archives/edgar/data/1064728/000106472822000042/btu-20220331.htm
7,2021-12-31,BTU,USD,0001064728,2022-02-18,2022-02-18 16:35:51,2021,Q4,1264600000,709700000,554900000,0.4387948759,0,0,0,20700000,84800000,105500000,815200000,2300000,40100000,142500000,663500000,0.524671833,521000000,0.4119879804,19800000,540800000,0.4276451052,33100000,513000000,0.4056618694,3.81,3.81,133300000,133300000,https://www.sec.gov/Archives/edgar/data/1064728/000106472822000008/0001064728-22-000008-index.htm,https://www.sec.gov/Archives/edgar/data/1064728/000106472822000008/btu-20211231.htm
8,2021-09-30,BTU,USD,0001064728,2021-11-05,2021-11-05 16:18:44,2021,Q3,679000000,649400000,29600000,0.0435935199,0,0,0,21100000,8600000,113300000,762700000,1400000,45500000,77900000,20000000,0.029455081,-43800000,-0.0645066274,64500000,-63300000,-0.0932253314,-3700000,-44200000,-0.065095729,-0.38,-0.38,114900000,114900000,https://www.sec.gov/Archives/edgar/data/1064728/000106472821000045/0001064728-21-000045-index.htm,https://www.sec.gov/Archives/edgar/data/1064728/000106472821000045/btu-20210930.htm
9,2021-06-30,BTU,USD,0001064728,2021-08-06,2021-08-06 16:04:40,2021,Q2,723400000,611400000,112000000,0.1548244401,0,0,0,21400000,8700000,113600000,725000000,1300000,45400000,77100000,82000000,0.113353608,-4200000,-0.0058059165,17900000,-27800000,-0.0384296378,-4800000,-28600000,-0.0395355267,-0.28,-0.28,101200000,101200000,https://www.sec.gov/Archives/edgar/data/1064728/000106472821000023/0001064728-21-000023-index.htm,https://www.sec.gov/Archives/edgar/data/1064728/000106472821000023/btu-20210630.htm
10,2021-03-31,BTU,USD,0001064728,2021-05-05,2021-05-05 16:59:48,2021,Q1,651300000,582600000,68700000,0.105481345,0,0,0,21700000,8700000,105900000,688500000,1500000,52400000,68300000,40400000,0.0620297866,-40800000,-0.0626439429,8600000,-79500000,-0.1220635652,-1800000,-80100000,-0.1229847996,-0.81,-0.81,98400000,98400000,https://www.sec.gov/Archives/edgar/data/1064728/000106472821000017/0001064728-21-000017-index.htm,https://www.sec.gov/Archives/edgar/data/1064728/000106472821000017/btu-20210331.htm
11,2020-12-31,BTU,USD,0001064728,2021-02-23,2021-02-23 06:35:32,2020,Q4,737200000,638200000,99000000,0.1342919154,0,85600000,8300000,22200000,28200000,101400000,739600000,2300000,37500000,79500000,73200000,0.0992946283,-108100000,-0.1466359197,-77500000,-115100000,-0.1561313077,5300000,-129200000,-0.175257732,-1.32,-1.32,97800000,97900000,https://www.sec.gov/Archives/edgar/data/1064728/000106472821000008/0001064728-21-000008-index.htm,https://www.sec.gov/Archives/edgar/data/1064728/000106472821000008/btu-20201231.htm
12,2020-09-30,BTU,USD,0001064728,2020-11-09,2020-11-09 08:07:45,2020,Q3,671000000,550900000,120100000,0.1789865872,0,30000000,-2800000,27200000,-15800000,113700000,664600000,1600000,34900000,72200000,53800000,0.0801788376,-15800000,-0.0235469449,-38000000,-64900000,-0.0967213115,-100000,-67200000,-0.1001490313,-0.69,-0.69,97800000,97900000,https://www.sec.gov/Archives/edgar/data/1064728/000106472820000033/0001064728-20-000033-index.htm,https://www.sec.gov/Archives/edgar/data/1064728/000106472820000033/btu-20200930.htm
13,2020-06-30,BTU,USD,0001064728,2020-08-07,2020-08-07 21:16:53,2020,Q2,626700000,556300000,70400000,0.1123344503,0,27900000,-2700000,25200000,-2700000,127600000,683900000,2400000,34300000,88300000,24800000,0.0395723632,-1510900000,-2.4108823999,-1456400000,-1545500000,-2.4660922291,-200000,-1544200000,-2.4640178714,-15.79,-15.77,97800000,97900000,https://www.sec.gov/Archives/edgar/data/1064728/000106472820000026/0001064728-20-000026-index.htm,https://www.sec.gov/Archives/edgar/data/1064728/000106472820000026/btu-20200630.htm
14,2020-03-31,BTU,USD,0001064728,2020-05-06,2020-05-06 16:51:17,2020,Q1,846200000,779500000,66700000,0.0788229733,0,27700000,-2800000,24900000,-2800000,148500000,928000000,3100000,33100000,106000000,15400000,0.0181990073,-93500000,-0.1104939731,-14500000,-126300000,-0.1492554952,3000000,-129700000,-0.1532734578,-1.33,-1.33,97200000,97200000,https://www.sec.gov/Archives/edgar/data/1064728/000106472820000013/0001064728-20-000013-index.htm,https://www.sec.gov/Archives/edgar/data/1064728/000106472820000013/btu20200331.htm
15,2019-12-31,BTU,USD,0001064728,2020-02-21,2020-02-21 17:04:35,2019,Q4,1117400000,825100000,292300000,0.261589404,0,42000000,-4800000,37200000,-72200000,231100000,1056200000,4500000,36800000,121600000,126000000,0.1127617684,-165500000,-0.1481116878,-299100000,-270200000,-0.2418113478,20000000,-289800000,-0.2593520673,-2.99,-2.98,96900000,97300000,https://www.sec.gov/Archives/edgar/data/1064728/000106472820000007/0001064728-20-000007-index.htm,https://www.sec.gov/Archives/edgar/data/1064728/000106472820000007/btu20191231-10k.htm
16,2019-09-30,BTU,USD,0001064728,2019-11-05,2019-11-05 17:06:24,2019,Q3,1106400000,906200000,200200000,0.1809472162,0,37100000,-4900000,32200000,-4900000,189200000,1095400000,7000000,35400000,141500000,133900000,0.1210231381,-36800000,-0.0332610268,-52700000,-70100000,-0.0633586406,4200000,-82800000,-0.0748373102,-0.81,-0.81,102200000,102200000,https://www.sec.gov/Archives/edgar/data/1064728/000106472819000044/0001064728-19-000044-index.htm,https://www.sec.gov/Archives/edgar/data/1064728/000106472819000044/btu20190930-10q.htm
17,2019-06-30,BTU,USD,0001064728,2019-08-08,2019-08-08 06:26:36,2019,Q2,1149000000,858200000,290800000,0.2530896432,0,43700000,-4800000,38900000,-4800000,219600000,1077800000,7200000,36000000,165400000,248700000,0.2164490862,79500000,0.0691906005,3500000,45900000,0.0399477807,3000000,37100000,0.0322889469,0.35,0.34,107000000,108100000,https://www.sec.gov/Archives/edgar/data/1064728/000106472819000029/0001064728-19-000029-index.htm,https://www.sec.gov/Archives/edgar/data/1064728/000106472819000029/btu20190630-10q.htm
18,2019-03-31,BTU,USD,0001064728,2019-05-08,2019-05-08 17:07:08,2019,Q1,1250600000,948400000,302200000,0.2416440109,0,4900000,36700000,36700000,-4900000,247700000,1196100000,8300000,35800000,172500000,233900000,0.1870302255,184500000,0.147529186,125100000,152100000,0.1216216216,18800000,124200000,0.0993123301,1.14,1.12,108500000,110500000,https://www.sec.gov/Archives/edgar/data/1064728/000106472819000022/0001064728-19-000022-index.htm,https://www.sec.gov/Archives/edgar/data/1064728/000106472819000022/btu_20190331-10q.htm
19,2018-12-31,BTU,USD,0001064728,2019-02-27,2019-02-27 07:59:17,2018,Q4,1397100000,1021000000,376100000,0.2692004867,0,42900000,-4500000,38400000,121000000,246500000,1267500000,9300000,36500000,175900000,439500000,0.3145802018,126800000,0.0907594302,118200000,220600000,0.157898504,-12900000,252600000,0.1808030921,2.29,2.2,110400000,114700000,https://www.sec.gov/Archives/edgar/data/1064728/000106472819000013/0001064728-19-000013-index.htm,https://www.sec.gov/Archives/edgar/data/1064728/000106472819000013/btu_20181231-10k.htm
